@article{王国成2017从,
  title={从3V到5V:大数据助推经济行为的深化研究},
  author={王国成},
  journal={天津社会科学},
  number={2},
  pages={94-99},
  year={2017},
}
@article{于晓龙2014大数据的经济学涵义及价值创造机制,
  title={大数据的经济学涵义及价值创造机制},
  author={于晓龙 and 王金照},
  journal={中国国情国力},
  number={2},
  pages={28-30},
  year={2014},
 keywords={价值创造机制;数据交叉;经济学涵义;不确定性;道德风险;假设条件;逆向选择;信息经济学;生产要素;信息甄别},
 abstract={正大数据是近几年来兴起的一个热门名词,目前的研究多是对大数据的概念进行辨析,或者对某个具体行业和案例的大应用进行描述。对大数据的经济学涵义、价值创造机制等深层次问题研究较少。大数据的概念及演进大数据(Big Data),并不是简单字面意义上的大量数据。关于大数据的定义,目前人们比较能接受的是从大数据本身的特点采用"3V"、"4V"甚至"5V"的定义。"3V"是指规模性(Volume)、多样性(Variety)和高速性(Velocity),国际数},
}

@article{徐计2015基于粒计算的大数据处理,
  title={基于粒计算的大数据处理},
  author={徐计 and 王国胤 and 于洪},
  journal={计算机学报},
  number={8},
  pages={1497-1517},
  year={2015},
 keywords={粒计算;大数据;云计算;深度学习},
 abstract={摘　要: 在大数据时代,如何充分挖掘出蕴藏于数据资源中的价值正在成为各国IT业界、学术界和政府共同关注的焦点.使用云计算平台分布式地存储和分析大数据已经成为共识并且得到了广泛应用,但这并没有完全解决大数据的3V特性带来的问题.全面应对大数据的挑战需要来自存储技术、下一代网络、处理器、计算模型等各个领域的创新.粒计算是在求解问题过程中使用"粒"的理论、方法、技术和工具的集合,适用于近似求解有不确定性和层次结构的问题.该文综述了大数据处理的研究现状,分析了当前大数据处理研究存在的局限性;根据运用粒计算方法解决问题的不同特征,该文归纳了粒计算的3种基本模式,回顾了各种模式的相关研究工作;该文讨论了粒计算应用于大数据处理的可行性与优势,并探讨了在大数据的粒计算处理框架中需要解决的各个关键问题.},
}


@article{马小虎2014基于鉴别稀疏保持嵌入的人脸识别算法,
  title={基于鉴别稀疏保持嵌入的人脸识别算法},
  author={马小虎 and 谭延琪},
  journal={自动化学报},
  volume={40},
  number={1},
  pages={73--82},
  year={2014}
}

@article{qiao2010sparsity,
  title={Sparsity preserving projections with applications to face recognition},
  author={Qiao, Lishan and Chen, Songcan and Tan, Xiaoyang},
  journal={Pattern Recognition},
  volume={43},
  number={1},
  pages={331--341},
  year={2010},
  publisher={Elsevier}
}

@article{de2011embedding,
  title={An embedding dimension reduction algorithm based on sparse analysis},
  author={De-Qin, Yan and Sheng-Lan, Liu and Yan-Yan, Li},
  journal={Acta Automatica Sinica},
  volume={37},
  number={11},
  pages={1306--1312},
  year={2011}
}
@inproceedings{marcellin2000overview,
  title={An overview of JPEG-2000},
  author={Marcellin, Michael W and Gormish, Michael J and Bilgin, Ali and Boliek, Martin P},
  booktitle={Data Compression Conference, 2000. Proceedings. DCC 2000},
  pages={523--541},
  year={2000},
  organization={IEEE}
}
@article{elad2006image,
  title={Image denoising via sparse and redundant representations over learned dictionaries},
  author={Elad, Michael and Aharon, Michal},
  journal={Image Processing, IEEE Transactions on},
  volume={15},
  number={12},
  pages={3736--3745},
  year={2006},
  publisher={IEEE}
}
@inproceedings{yang2008image,
  title={Image super-resolution as sparse representation of raw image patches},
  author={Yang, Jianchao and Wright, John and Huang, Thomas and Ma, Yi},
  booktitle={Computer Vision and Pattern Recognition, 2008. CVPR 2008. IEEE Conference on},
  pages={1--8},
  year={2008},
  organization={IEEE}
}
@inproceedings{huang2006sparse,
  title={Sparse representation for signal classification},
  author={Huang, Ke and Aviyente, Selin},
  booktitle={Advances in neural information processing systems},
  pages={609--616},
  year={2006}
}
@inproceedings{davenport2007smashed,
  title={The smashed filter for compressive classification and target recognition},
  author={Davenport, Mark A and Duarte, Marco F and Wakin, Michael B and Laska, Jason N and Takhar, Dharmpal and Kelly, Kevin F and Baraniuk, Richard G},
  booktitle={Electronic Imaging 2007},
  pages={64980H--64980H},
  year={2007},
  organization={International Society for Optics and Photonics}
}
@article{yang2007feature,
  title={Feature selection in face recognition: A sparse representation perspective},
  author={Yang, Allen Y and Wright, John and Ma, Yi and Sastry, S Shankar},
  journal={submitted to IEEE Transactions Pattern Analysis and Machine Intelligence},
  year={2007},
  publisher={Citeseer}
}
@article{殷俊2013核稀疏保持投影及生物特征识别应用,
  title={核稀疏保持投影及生物特征识别应用},
  author={殷俊 and 杨万扣},
  journal={电子学报},
  volume={41},
  number={4},
  pages={639--645},
  year={2013}
}

@inproceedings{roth1999nonlinear,
  title={Nonlinear discriminant analysis using kernel functions},
  author={Roth, Volker and Steinhage, Volker},
  booktitle={Advances in neural information processing systems},
  year={1999},
  organization={Citeseer}
}
@article{scholkopf1998nonlinear,
  title={Nonlinear component analysis as a kernel eigenvalue problem},
  author={Sch{\"o}lkopf, Bernhard and Smola, Alexander and M{\"u}ller, Klaus-Robert},
  journal={Neural computation},
  volume={10},
  number={5},
  pages={1299--1319},
  year={1998},
  publisher={MIT Press}
}
